@BOOK{MicrosoftXamarinBook,
    AUTHOR = {Charles Petzold},
    TITLE = {Creating Mobile Apps with Xamarin.Forms},
    SUBTITLE = {Cross-platform C# programming for iOS, Android, and Windows},
    PUBLISHER = {Microsoft Press A Division of Microsoft Corporation One Microsoft Way Redmond, Washington 98052-6399},
    YEAR = {2016},
    EDITION = {1st Edition}
}
@online{PCLvsSAPTable,
    title = {{Xamarin Forms: PCL vs. Shared Project}},
    year = 2016,
    url = {http://hotkrossbits.com/2015/05/03/xamarin-forms-pcl-vs-shared-project/},
    urldate = {2016-05-27}
}
@online{XML,
    title = {{Extensible Markup Language}},
    urldate = {2016-05-29},
    url = {https://de.wikipedia.org/wiki/Extensible_Markup_Language},
    year = 2016,
}
@online{WPF,
    title = {{Windows Presentation Foundation}},
    year = 2016,
    url = {https://de.wikipedia.org/wiki/Windows_Presentation_Foundation},
    urldate = {2016-05-29}
}
@online{SOAP,
    title = {{Simple Object Access Protocol (SOAP)}},
    year = 2016,
    url = {http://www.searchenterprisesoftware.de/definition/Simple-Object-Access-Protocol-SOAP},
    urldate = {2016-05-29}
}
@online{Layouts,
    title = {{Xamarin.Forms Layouts}},
    year = 2016,
    url = {https://developer.xamarin.com/guides/xamarin-forms/controls/layouts/},
    urldate = {2016-05-30}
}
@online{Pages,
    title = {{Xamarin.Forms Pages}},
    year = 2016,
    url = {https://developer.xamarin.com/guides/xamarin-forms/controls/pages/},
    urldate = {2016-05-31}
}
@online{CIL,
    title = {{Common Intermediate Language}},
    year = 2016,
    url = {https://de.wikipedia.org/wiki/Common_Intermediate_Language},
    urldate = {2016-05-31}
}
@online{CLI,
    title = {{Common Language Infrastructure}},
    year = 2016,
    url = {https://de.wikipedia.org/wiki/Common_Language_Infrastructure},
    urldate = {2016-05-31}
}
@online{JIT,
    title = {{Just-in-time-Kompilierung}},
    year = 2016,
    url = {https://de.wikipedia.org/wiki/Just-in-time-Kompilierung},
    urldate = {2016-05-31}
}
@online{Mono,
    title = {{Mono (Software)}},
    year = 2016,
    url = {https://de.wikipedia.org/wiki/Mono_(Software)},
    urldate = {2016-05-31}
}
@online{AOTC,
    title = {{Ahead-of-time-Compiler}},
    year = 2016,
    url = {https://de.wikipedia.org/wiki/Ahead-of-time-Compiler},
    urldate = {2016-05-31}
}
@online{DataBindings,
    title = {{Part 4. Data Binding Basics}},
    year = 2016,
    url = {https://developer.xamarin.com/guides/xamarin-forms/user-interface/xaml-basics/data_binding_basics/},
    urldate = {2016-06-01}
}
@online{Deployment,
    title = {{Part 1 â€“ Understanding the Xamarin Mobile Platform}},
    year = 2016,
    url = {https://developer.xamarin.com/guides/cross-platform/application_fundamentals/building_cross_platform_applications/part_1_-_understanding_the_xamarin_mobile_platform/},
    urldate = {2016-05-31}
}
